@book{Coleman1974,
author = {Coleman, Rodney},
title = {{Stochastic processes}},
year = {1974}
}

@book{Nuclear1958,
author = {American Nuclear Society},
title = {{Transactions of the American Nuclear Society}},
year = {1958},
note = {Available at 
\url{https://books.google.es/books?id=e49VAAAAMAAJ}}
}

@book{Aerospace1966,
author = {United States. National Aeronautics and Space Administration NASA},
title = {{Guide to the Subject Indexes for Scientific and Technical Aerospace Reports}},
year = {1966},
pages={80--91},
note = {Available at 
\url{https://www.google.es/books/edition/Guide_to_the_Subject_Indexes_for_Scienti/wkoOwReWX6oC?gbpv=1}}
}

@book{Scientist1942,
author = {Scientific Research Society of America},
title = {{American Scientist}},
year = {1942},
pages = {59},
note = {Available at 
\url{https://books.google.es/books?id=Y_lUAAAAMAAJ}}
}


@book{anderson1983machine,
	author = {Anderson, J.R. and Michalski, R.S. and Carbonell, J.G. and Mitchell, T.M.},
	isbn = {9780934613095},
	lccn = {86002953},
	publisher = {Elsevier Science},
	series = {Machine Learning},
	title = {Machine Learning: An Artificial Intelligence Approach (Volume I)},
	url = {https://books.google.es/books?id=TWzuUd5gsnkC},
	year = {1983},
	note = {Available at 
\url{https://books.google.es/books?id=TWzuUd5gsnkC}}
}


@misc{ElectricityBCNOD,
author = "Barcelona’s City Hall",
title = "Open Data BCN - Electricity consumption by postal code, economic sector and time interval in the city of Barcelona",
year = {(Accessed: May 2023)},
note = {Available at 
\url{https://opendata-ajuntament.barcelona.cat/data/en/dataset/consum-electricitat-bcn}}
}

@misc{FestivalsBCNOD,
author = "Barcelona’s City Hall",
title = "Open Data BCN - Data on city festivals in the city of Barcelona",
year = {(Accessed: August 2023)},
note = {Available at 
\url{https://opendata-ajuntament.barcelona.cat/data/en/dataset/dades-festes-ciutat}}
}

@misc{anomalyOxford,
author = "Oxford Advanced Learner's Dictionary",
title = "Anomaly",
year = {(Accessed: July 2023)},
note = {Available at 
\url{https://www.oxfordlearnersdictionaries.com/definition/english/anomaly}}
}

@misc{DAR2016,
author = "Defense Advanced Research Projects Agency",
title = "Explainable Artificial Intelligence (XAI)",
year = {(Accessed: July 2023)},
note = {Available at 
\url{http://www.darpa.mil/program/explainable-artificial-intelligence}}
}

@misc{Lund2023,
author = "Lund University",
title = "Bibliographic databases",
year = {(Accessed: July 2023)},
note = {Available at 
\url{https://libguides.lub.lu.se/c.php?g=677619&p=4829257}}
}

@misc{Tableau2023,
author = "Tableau",
title = "Time Series Forecasting: Definition, Applications, and Examples",
year = {(Accessed: July 2023)},
note = {Available at 
\url{https://www.tableau.com/learn/articles/time-series-forecasting}}
}

@article{PRISMA2020,
author = {Page, M and Moher, D and Bossuyt, P and  Boutron, I and Hoffmann, T and Mulrow, C and Shamseer, L and Tetzlaff, J and Akl, E and Brennan, S and Chou, R and Glanville, J and Grimshaw, J and Hróbjartsson, A and
Lalu, M and Li, T and Loder, E and Mayo-Wilson, E and McDonald, S and McGuinness, L and Stewart, L and  Thomas, J and Tricco, A and Welch, V and Whiting, P and  McKenzie1, J},
journal = {The BMJ},
title = {{PRISMA 2020 explanation and elaboration: updated guidance and exemplars for reporting systematic reviews}},
volume = {372},
year = {2021},
note = {Available at 
\url{http://dx.doi.org/10.1136/bmj.n160}}
}

@article{guidelinesLRSnyder2019,
author = {Snyder, H},
journal = {Journal of Business Research},
title = {{Literature review as a research methodology: An overview and guidelines}},
volume = {104},
year = {2019},
note = {Available at 
\url{https://doi.org/10.1016/j.jbusres.2019.07.039}}
}

@article{guidelinesMNWong2019,
author = {Wong, G and Greenhalgh, T and Westhorp, G and Buckingham, J and Pawson, R},
journal = {BMC Medicine},
title = {{RAMESES publication standards: Meta-narrative reviews}},
volume = {11, 20},
year = {2013},
note = {Available at 
\url{https://doi.org/10.1186/1741-7015-11-20}}
}

@article{gaur2018systematic,
  title={A systematic approach to conducting review studies: An assessment of content analysis in 25 years of IB research},
  author={Gaur, A and Kumar, M},
  journal={Journal of World Business},
  volume={53},
  number={2},
  pages={280--289},
  year={2018},
  publisher={Elsevier},
note = {Available at 
\url{https://doi.org/10.1016/j.jwb.2017.11.003}}
}

@article{stemler2000overview,
  title={An overview of content analysis},
  author={Stemler, S},
  journal={Practical assessment, research, and evaluation},
  volume={7},
  number={1},
  pages={17},
  year={2000},
note = {Available at 
\url{https://doi.org/10.7275/z6fm-2e34}}
}

@inproceedings{laaksonen1996classification,
  title={Classification with learning k-nearest neighbors},
  author={Laaksonen, J and Oja, E},
  booktitle={Proceedings of international conference on neural networks (ICNN'96)},
  volume={3},
  pages={1480--1483},
  year={1996},
  organization={IEEE},
note = {Available at 
\url{10.1109/ICNN.1996.549118}}
}

@article{hartigan1979algorithm,
  title={Algorithm AS 136: A k-means clustering algorithm},
  author={Hartigan, J and Wong, M},
  journal={Journal of the royal statistical society. series c (applied statistics)},
  volume={28},
  number={1},
  pages={100--108},
  year={1979},
  publisher={JSTOR},
note = {Available at 
\url{https://doi.org/10.2307/2346830}}
}

@article{SearchStrategy2018,
author = {Campos-Asensio, C},
journal = {Biblioteca del Hospital Universitario de Getafe, Getafe, Madrid, Spain},
title = {{How to develop a bibliographic search strategy}},
volume = {29, 4},
year = {2018},
note = {Available at 
\url{https://doi.org/10.1016/j.enfie.2018.09.001}}
}

@article{SmartCitiesEurope2011,
author = {Caragliu, A and Del Bo, C and Nijkamp, P},
journal = {Journal of Urban Technology},
title = {{Smart Cities in Europe}},
volume = {18, 2},
year = {2011},
note = {Available at 
\url{http://dx.doi.org/10.1080/10630732.2011.601117}}
}

@article{SmartCitiesDataScience2022,
author = {Sarker, I},
journal = {Internet of Things},
title = {{Smart City Data Science: Towards data-driven smart cities with open research issues}},
volume = {19},
year = {2022},
note = {Available at 
\url{https://doi.org/10.1016/j.iot.2022.100528}}
}

@article{SystematicLiteratureReviewsEngineering2014,
author = {Borrego, M and Foster, M and Froyd, J},
journal = {Journal of Engineering Education},
title = {{Systematic Literature Reviews in Engineering Education and Other Developing Interdisciplinary Fields}},
volume = {103, 1},
year = {2014},
note = {Available at 
\url{https://doi.org/10.1002/jee.20038}}
}

@article{omar2013machine,
title={Machine learning techniques for anomaly detection: an overview},
author={Omar, S and Ngadi, A and Jebur, H},
journal={International Journal of Computer Applications},
volume={79},
number={2},
year={2013},
publisher={Citeseer},
note = {Available at 
\url{https://doi.org/10.5120/13715-1478}}
}

@article{allam2019big,
title={On big data, artificial intelligence and smart cities},
author={Allam, Z and Dhunny, Z},
journal={Cities},
volume={89},
pages={80--91},
year={2019},
publisher={Elsevier},
note = {Available at 
\url{https://doi.org/10.1016/j.cities.2019.01.032}}
}

@INPROCEEDINGS{Sagiroglu2013BD,
author={Sagiroglu, S and Sinanc, D},
booktitle={2013 International Conference on Collaboration Technologies and Systems (CTS)}, 
title={Big data: A review}, 
year={2013},
pages={42-47},
note = {Available at 
\url{https://doi.org/10.1109/CTS.2013.6567202}}
}

@inproceedings{naeem2022trends,
title={Trends and future perspective challenges in big data},
author={Naeem, M and Jamal, T and Diaz-Martinez, J and Butt, S and Montesano, N and Tariq, M and De-la-Hoz-Franco, E and De-La-Hoz-Valdiris, E},
booktitle={Advances in Intelligent Data Analysis and Applications: Proceeding of the Sixth Euro-China Conference on Intelligent Data Analysis and Applications, 15--18 October 2019, Arad, Romania},
pages={309--325},
year={2022},
organization={Springer},
note = {Available at 
\url{https://doi.org/10.1007/978-981-16-5036-9_30}}
}



@article{SABOL2020103523,
	author = {Sabol, P and Sin{\v c}{\'a}k, P and Hartono, P and Ko{\v c}an, P and Benetinov{\'a}, Z and Blich{\'a}rov{\'a}, A and Verb{\'o}ov{\'a}, L and {\v S}tammov{\'a}, E and Sabolov{\'a}-Fabianov{\'a}, A and Ja{\v s}kov{\'a}, A},
	issn = {1532-0464},
	title = {Explainable classifier for improving the accountability in decision-making for colorectal cancer diagnosis from histopathological images},
	volume = {109},
	year = {2020},
    note = {Available at 
\url{https://doi.org/10.1016/j.jbi.2020.103523}}
}


@article{KAVYA2021102681,
	author = {Kavya, R and Jabez, Cr and Subhrakanta, P and Bakthasingh, Y},
	issn = {1746-8094},
	journal = {Biomedical Signal Processing and Control},
	title = {Machine Learning and XAI approaches for Allergy Diagnosis},
	volume = {69},
	year = {2021},
	note = {Available at 
\url{https://doi.org/10.1016/j.bspc.2021.102681}}
}



@article{LAMY201942,
	author = {Lamy, JB and Sekar, B and Guezennec, G and Bouaud, J and S{\'e}roussi, B},
	issn = {0933-3657},
	journal = {Artificial Intelligence in Medicine},
	pages = {42-53},
	title = {Explainable artificial intelligence for breast cancer: A visual case-based reasoning approach},
	volume = {94},
	year = {2019},
    note = {Available at 
\url{https://doi.org/10.1016/j.artmed.2019.01.001}}
}

@article{gunning2021darpa,
  title={DARPA’s explainable AI (XAI) program: A retrospective},
  author={Gunning, D and Vorm, E and Wang, Y and Turek, M},
  journal={Authorea Preprints},
  year={2021},
  publisher={Authorea},
note = {Available at 
\url{https://doi.org/10.1002/ail2.61}}
}

@article{singh2022decade,
  title={A Decade Review on Smart Cities: Paradigms, Challenges and Opportunities},
  author={Singh, T and Solanki, A and Sharma, S and Nayyar, A and Paul, A},
  journal={IEEE Access},
  year={2022},
  publisher={IEEE},
note = {Available at 
\url{https://doi.org/10.1109/ACCESS.2022.3184710}}
}

@ARTICLE{Kulkarni2016,
  author={Kulkarni, P and Farnham, T},
  journal={IEEE Access}, 
  title={Smart City Wireless Connectivity Considerations and Cost Analysis: Lessons Learnt From Smart Water Case Studies}, 
  year={2016},
  volume={4},
  pages={660-672},
note = {Available at 
\url{https://doi.org/10.1109/ACCESS.2016.2525041}}
}

@article{de2022guidelines,
  title={Guidelines and quality criteria for artificial intelligence-based prediction models in healthcare: a scoping review},
  author={de Hond, A and Leeuwenberg, A and Hooft, L and Kant, I and Nijman, S and van Os, H and Aardoom, J and Debray, T and Schuit, E and van Smeden, M and others},
  journal={NPJ digital medicine},
  volume={5},
  number={1},
  pages={2},
  year={2022},
  publisher={Nature Publishing Group UK London},
note = {Available at 
\url{https://doi.org/10.1038/s41746-021-00549-7}}
}

@article{talukder2019determinants,
  title={Determinants of user acceptance and use of open government data (OGD): An empirical investigation in Bangladesh},
  author={Talukder, S and Shen, L and Talukder, F and Bao, Y},
  journal={Technology in Society},
  volume={56},
  pages={147--156},
  year={2019},
  publisher={Elsevier},
note = {Available at 
\url{https://doi.org/10.1016/j.techsoc.2018.09.013}}
}

@article{wazid2022uniting,
  title={Uniting cyber security and machine learning: Advantages, challenges and future research},
  author={Wazid, M and Das, A and Chamola, V and Park, Y},
  journal={ICT Express},
  volume={8},
  number={3},
  pages={313--321},
  year={2022},
  publisher={Elsevier},
note = {Available at 
\url{https://doi.org/10.1016/j.icte.2022.04.007}}
}

@article{abraham2019data,
  title={Data governance: A conceptual framework, structured review, and research agenda},
  author={Abraham, R and Schneider, J and Vom Brocke, J},
  journal={International journal of information management},
  volume={49},
  pages={424--438},
  year={2019},
  publisher={Elsevier},
note = {Available at 
\url{https://doi.org/10.1016/j.ijinfomgt.2019.07.008}}
}

@inproceedings{andrienko2020big,
  title={Big data visualization and analytics: Future research challenges and emerging applications},
  author={Andrienko, G and Andrienko, N and Drucker, S and Fekete, JD and Fisher, D and Idreos, S and Kraska, T and Li, G and Ma, KL and Mackinlay, J and others},
  booktitle={BigVis 2020-3rd International Workshop on Big Data Visual Exploration and Analytics},
  year={2020},
note = {Available at 
\url{https://inria.hal.science/hal-02568845}}
}

@INPROCEEDINGS{Wang2017Taxis,
  author={Wang, Y and Fan, X and Liu, X and Zheng, C and Chen, L and Wang, C and Li, J},
  booktitle={2017 IEEE International Conference on Web Services (ICWS)}, 
  title={Unlicensed Taxis Detection Service Based on Large-Scale Vehicles Mobility Data}, 
  year={2017},
  pages={857-861},
note = {Available at 
\url{https://doi.org/10.1109/ICWS.2017.106}}
}

@INPROCEEDINGS{Nugraha2021rail,
  author={Nugraha, A and Supangkat, S and Nugraha, I and Trimadi, H and Purwadinata, A and Sumarni and Sundari, S},
  booktitle={2021 International Conference on ICT for Smart Society (ICISS)}, 
  title={Detection of Railroad Anomalies using Machine Learning Approach}, 
  year={2021},
  pages={1-6},
note = {Available at 
\url{https://doi.org/10.1109/ICISS53185.2021.9533226}}
}

@INPROCEEDINGS{Wang2021CAN,
  author={Wang, J and Mo, X},
  booktitle={2021 IEEE 23rd Int Conf on High Performance Computing & Communications; 7th Int Conf on Data Science & Systems; 19th Int Conf on Smart City; 7th Int Conf on Dependability in Sensor, Cloud & Big Data Systems & Application (HPCC/DSS/SmartCity/DependSys)}, 
  title={A CAN Bus Anomaly Detection Based on FLXGBoost Algorithm}, 
  year={2021},
  pages={1558-1564},
note = {Available at 
\url{https://doi.org/10.1109/HPCC-DSS-SmartCity-DependSys53884.2021.00231}}
}

@article{sara2020predict,
  title={Predict France trains delays using visualization and machine learning techniques},
  author={Lbazri, S and Jihal, H and Azouazi, M and others},
  journal={Procedia Computer Science},
  volume={175},
  pages={700--705},
  year={2020},
  publisher={Elsevier},
note = {Available at 
\url{https://doi.org/10.1016/j.procs.2020.07.103}}
}

@article{masino2017learning,
  title={Learning from the crowd: Road infrastructure monitoring system},
  author={Masino, J and Thumm, J and Frey, M and Gauterin, F},
  journal={Journal of Traffic and Transportation Engineering (English Edition)},
  volume={4},
  number={5},
  pages={451--463},
  year={2017},
  publisher={Elsevier},
note = {Available at 
\url{https://doi.org/10.1016/j.jtte.2017.06.003}}
}

@article{ali2020data,
  title={A data-driven approach to optimize urban scale energy retrofit decisions for residential buildings},
  author={Ali, U and Shamsi, M and Bohacek, M and Hoare, C and Purcell, K and Mangina, E and O’Donnell, J},
  journal={Applied Energy},
  volume={267},
  year={2020},
  publisher={Elsevier},
note = {Available at 
\url{https://doi.org/10.1016/j.apenergy.2020.114861}}
}

@article{cerquitelli2017predicting,
  title={Predicting large scale fine grain energy consumption},
  author={Cerquitelli, T},
  journal={Energy Procedia},
  volume={111},
  pages={1079--1088},
  year={2017},
  publisher={Elsevier},
note = {Available at 
\url{https://doi.org/10.1016/j.egypro.2017.03.271}}
}

@article{embarak2021new,
  title={A new paradigm through machine learning: A learning maximization approach for sustainable education},
  author={Embarak, O},
  journal={Procedia Computer Science},
  volume={191},
  pages={445--450},
  year={2021},
  publisher={Elsevier},
note = {Available at 
\url{https://doi.org/10.1016/j.procs.2021.07.055}}
}

@article{kyriakou2021vehicles,
  title={Do vehicles sense, detect and locate speed bumps?},
  author={Kyriakou, C and Christodoulou, S and Dimitriou, L},
  journal={Transportation Research Procedia},
  volume={52},
  pages={203--210},
  year={2021},
  publisher={Elsevier},
note = {Available at 
\url{https://doi.org/10.1016/j.trpro.2021.01.023}}
}

@article{killeen2019iot,
  title={IoT-based predictive maintenance for fleet management},
  author={Killeen, P and Ding, B and Kiringa, I and Yeap, T},
  journal={Procedia Computer Science},
  volume={151},
  pages={607--613},
  year={2019},
  publisher={Elsevier},
note = {Available at 
\url{https://doi.org/10.1016/j.procs.2019.04.184}}
}

@article{himeur2020data,
  title={Data fusion strategies for energy efficiency in buildings: Overview, challenges and novel orientations},
  author={Himeur, Y and Alsalemi, A and Al-Kababji, A and Bensaali, F and Amira, A},
  journal={Information Fusion},
  volume={64},
  pages={99--120},
  year={2020},
  publisher={Elsevier},
note = {Available at 
\url{https://doi.org/10.1016/j.inffus.2020.07.003}}
}

@article{alsalemi2023modular,
  title={A Modular Recommender System for Domestic Energy Efficiency},
  author={Alsalemi, A and Amira, A and Malekmohamadi, H and Diao, K},
  journal={Environmental Challenges},
  year={2023},
  publisher={Elsevier},
note = {Available at 
\url{https://doi.org/10.1016/j.envc.2023.100741}}
}

@article{yadav2023augmentation,
  title={Augmentation in performance and security of WSNs for IoT applications using feature selection and classification techniques},
  author={Yadav, R and Sreedevi, I and Gupta, D},
  journal={Alexandria Engineering Journal},
  volume={65},
  pages={461--473},
  year={2023},
  publisher={Elsevier},
note = {Available at 
\url{https://doi.org/10.1016/j.aej.2022.10.033}}
}

@article{moon2022toward,
  title={Toward explainable electrical load forecasting of buildings: A comparative study of tree-based ensemble methods with Shapley values},
  author={Moon, J and Rho, S and Baik, S},
  journal={Sustainable Energy Technologies and Assessments},
  volume={54},
  year={2022},
  publisher={Elsevier},
note = {Available at 
\url{https://doi.org/10.1016/j.seta.2022.102888}}
}

@article{saranya2020performance,
  title={Performance analysis of machine learning algorithms in intrusion detection system: A review},
  author={Saranya, T and Sridevi, S and Deisy, C and Chung, T and Khan, A},
  journal={Procedia Computer Science},
  volume={171},
  pages={1251--1260},
  year={2020},
  publisher={Elsevier},
note = {Available at 
\url{https://doi.org/10.1016/j.procs.2020.04.133}}
}

@article{zantalis2019review,
  title={A review of machine learning and IoT in smart transportation},
  author={Zantalis, F and Koulouras, G and Karabetsos, S and Kandris, D},
  journal={Future Internet},
  volume={11},
  number={4},
  year={2019},
  publisher={MDPI},
note = {Available at 
\url{https://doi.org/10.3390/fi11040094}}
}

@article{mondal2020road,
  title={Road traffic outlier detection technique based on linear regression},
  author={Mondal, M and Rehena, Z},
  journal={Procedia Computer Science},
  volume={171},
  pages={2547--2555},
  year={2020},
  publisher={Elsevier},
note = {Available at 
\url{https://doi.org/10.1016/j.procs.2020.04.276}}
}

@article{el2014multicriterion,
  title={A multicriterion fuzzy classification method with greedy attribute selection for anomaly-based intrusion detection},
  author={El-Alfy, M and Al-Obeidat, F},
  journal={Procedia Computer Science},
  volume={34},
  pages={55--62},
  year={2014},
  publisher={Elsevier},
note = {Available at 
\url{https://doi.org/10.1016/j.procs.2014.07.037}}
}

@article{abd2022analyze,
  title={Analyze the anomalous behavior of wireless networking using the big data analytics},
  author={Algani, Y and Vinodhini, A and Isabels, R and Kaur, C and Treve, M and Bala, K and Balaji, S and Devi, U},
  journal={Measurement: Sensors},
  volume={23},
  year={2022},
  publisher={Elsevier},
note = {Available at 
\url{https://doi.org/10.1016/j.measen.2022.100407}}
}

@article{bukhari2023anomaly,
  title={Anomaly detection using ensemble techniques for boosting the security of intrusion detection system},
  author={Bukhari, O and Agarwal, P and Koundal, D and Zafar, S},
  journal={Procedia Computer Science},
  volume={218},
  pages={1003--1013},
  year={2023},
  publisher={Elsevier},
note = {Available at 
\url{https://doi.org/10.1016/j.procs.2023.01.080}}
}

@article{leiria2021using,
  title={Using data from smart energy meters to gain knowledge about households connected to the district heating network: A Danish case},
  author={Leiria, D and Johra, H and Marszal-Pomianowska, A and Pomianowski, M and Heiselberg, P},
  journal={Smart Energy},
  volume={3},
  year={2021},
  publisher={Elsevier},
note = {Available at 
\url{https://doi.org/10.1016/j.segy.2021.100035}}
}

@article{vidovic2022methodology,
  title={Methodology for public transport mode detection using telecom big data sets: case study in Croatia},
  author={Vidovi{\'c}, K and {\v{C}}oli{\'c}, P and Vojvodi{\'c}, S and Blavicki, A},
  journal={Transportation Research Procedia},
  volume={64},
  pages={76--83},
  year={2022},
  publisher={Elsevier},
note = {Available at 
\url{https://doi.org/10.1016/j.trpro.2022.09.010}}
}

@article{saheed2022machine,
  title={A machine learning-based intrusion detection for detecting internet of things network attacks},
  author={Saheed, Y and Abiodun, A and Misra, S and Holone, M and Colomo-Palacios, R},
  journal={Alexandria Engineering Journal},
  volume={61},
  number={12},
  pages={9395--9409},
  year={2022},
  publisher={Elsevier},
note = {Available at 
\url{https://doi.org/10.1016/j.aej.2022.02.063}}
}

@article{gerrish2017analysis,
  title={Analysis of basic building performance data for identification of performance issues},
  author={Gerrish, T and Ruikar, K and Cook, M and Johnson, M and Phillip, M},
  journal={Facilities},
  volume={35},
  number={13/14},
  pages={801--817},
  year={2017},
  publisher={Emerald Publishing Limited},
note = {Available at 
\url{https://doi.org/10.1108/F-01-2016-0003}}
}

@article{liu2018scalable,
  title={Scalable prediction-based online anomaly detection for smart meter data},
  author={Liu, X and Nielsen, P},
  journal={Information Systems},
  volume={77},
  pages={34--47},
  year={2018},
  publisher={Elsevier},
note = {Available at 
\url{https://doi.org/10.1016/j.is.2018.05.007}}
}

@article{bachechi2022big,
  title={Big data analytics and visualization in traffic monitoring},
  author={Bachechi, C and Po, L and Rollo, F},
  journal={Big Data Research},
  volume={27},
  year={2022},
  publisher={Elsevier},
note = {Available at 
\url{https://doi.org/10.1016/j.bdr.2021.100292}}
}

@INPROCEEDINGS{Carbone2017heating,
  author={Carbone, F and Cenedese, A and Pizzi, C},
  booktitle={2017 IEEE SmartWorld, Ubiquitous Intelligence & Computing, Advanced & Trusted Computed, Scalable Computing & Communications, Cloud & Big Data Computing, Internet of People and Smart City Innovation (SmartWorld/SCALCOM/UIC/ATC/CBDCom/IOP/SCI)}, 
  title={Consensus-based anomaly detection for efficient heating management}, 
  year={2017},
  pages={1-7},
note = {Available at 
\url{https://doi.org/10.1109/UIC-ATC.2017.8397585}}
}

@INPROCEEDINGS{Bawaneh2019traffic,
  author={Bawaneh, M and Simon, V},
  booktitle={2019 International Conference on Software, Telecommunications and Computer Networks (SoftCOM)}, 
  title={Anomaly Detection in Smart City Traffic Based on Time Series Analysis}, 
  year={2019},
  pages={1-6},
note = {Available at 
\url{https://doi.org/10.23919/SOFTCOM.2019.8903822}}
}

@article{wu2023gtfs,
  title={A GTFS data acquisition and processing framework and its application to train delay prediction},
  author={Wu, J and Du, B and Gong, Z and Wu, Q and Shen, J and Zhou, L and Cai, C},
  journal={International Journal of Transportation Science and Technology},
  volume={12},
  number={1},
  pages={201--216},
  year={2023},
  publisher={Elsevier},
note = {Available at 
\url{https://doi.org/10.1016/j.ijtst.2022.01.005}}
}

@article{abu2022automated,
  title={Automated Learning of ECG Streaming Data Through Machine Learning Internet of Things.},
  author={Abu-Alhaija, M and Turab, N},
  journal={Intelligent Automation \& Soft Computing},
  volume={32},
  number={1},
  year={2022},
note = {Available at 
\url{https://doi.org/10.32604/iasc.2022.021426}}
}

@article{du2019clustering,
  title={Clustering heat users based on consumption data},
  author={Du, Y and Wang, C and Li, H and Song, J and Li, B},
  journal={Energy Procedia},
  volume={158},
  pages={3196--3201},
  year={2019},
  publisher={Elsevier},
note = {Available at 
\url{https://doi.org/10.1016/j.egypro.2019.01.1010}}
}

@article{gomari2021cluster,
  title={Cluster analysis of parking behaviour: A case study in Munich},
  author={Gomari, S and Knoth, C and Antoniou, C},
  journal={Transportation Research Procedia},
  volume={52},
  pages={485--492},
  year={2021},
  publisher={Elsevier},
note = {Available at 
\url{https://doi.org/10.1016/j.trpro.2021.01.057}}
}

@article{protic2022cybersecurity,
  title={Cybersecurity in smart cities: Detection of opposing decisions on anomalies in the computer network behavior},
  author={Protic, D and Gaur, L and Stankovic, M and Rahman, A},
  journal={Electronics},
  volume={11},
  number={22},
  year={2022},
  publisher={MDPI},
note = {Available at 
\url{https://doi.org/10.3390/electronics11223718}}
}

@article{vijai2016design,
  title={Design of IoT systems and analytics in the context of smart city initiatives in India},
  author={Vijai, P and Sivakumar, B},
  journal={Procedia Computer Science},
  volume={92},
  pages={583--588},
  year={2016},
  publisher={Elsevier},
note = {Available at 
\url{https://doi.org/10.1016/j.procs.2016.07.386}}
}

@article{hangan2022advanced,
  title={Advanced techniques for monitoring and management of urban water infrastructures—an overview},
  author={Hangan, A and Chiru, C and Arsene, D and Czako, Z and Lisman, D and Mocanu, M and Pahontu, B and Predescu, A and Sebestyen, G},
  journal={Water},
  volume={14},
  number={14},
  year={2022},
  publisher={MDPI},
note = {Available at 
\url{https://doi.org/10.3390/w14142174}}
}

@article{Zinno2022bridges,
  author={Zinno, R and Haghshenas, S and Guido, G and VItale, A},
  journal={IEEE Access}, 
  title={Artificial Intelligence and Structural Health Monitoring of Bridges: A Review of the State-of-the-Art}, 
  year={2022},
  volume={10},
  pages={88058-88078},
note = {Available at 
\url{https://doi.org/10.1109/ACCESS.2022.3199443}}
}

@INPROCEEDINGS{Xu2019outlier,
  author={Xu, Z and Kakde, D and Chaudhuri, A},
  booktitle={2019 IEEE International Conference on Big Data (Big Data)}, 
  title={Automatic Hyperparameter Tuning Method for Local Outlier Factor, with Applications to Anomaly Detection}, 
  year={2019},
  pages={4201-4207},
note = {Available at 
\url{https://doi.org/10.1109/BigData47090.2019.9006151}}
}

@ARTICLE{Zhu2020cellular,
  author={Zhu, Q and Sun, L},
  journal={IEEE Access}, 
  title={Big Data Driven Anomaly Detection for Cellular Networks}, 
  year={2020},
  volume={8},
  pages={31398-31408},
note = {Available at 
\url{https://doi.org/10.1109/ACCESS.2020.2973214}}
}

@article{belhadi2020space,
  title={Space--time series clustering: Algorithms, taxonomy, and case study on urban smart cities},
  author={Belhadi, A and Djenouri, Y and N{\o}rv{\aa}g, K and Ramampiaro, H and Masseglia, F and Lin, J},
  journal={Engineering Applications of Artificial Intelligence},
  volume={95},
  year={2020},
  publisher={Elsevier},
note = {Available at 
\url{https://doi.org/10.1016/j.engappai.2020.103857}}
}

@article{fonseca2017unsupervised,
  title={Unsupervised load shape clustering for urban building performance assessment},
  author={Fonseca, J A and Miller, C and Schlueter, A},
  journal={Energy Procedia},
  volume={122},
  pages={229--234},
  year={2017},
  publisher={Elsevier},
note = {Available at 
\url{https://doi.org/10.1016/j.egypro.2017.07.350}}
}

@ARTICLE{Zhao2017passenger,
  author={Zhao, J and Qu, Q and Zhang, F and Xu, C and Liu, S},
  journal={IEEE Transactions on Intelligent Transportation Systems}, 
  title={Spatio-Temporal Analysis of Passenger Travel Patterns in Massive Smart Card Data}, 
  year={2017},
  volume={18},
  number={11},
  pages={3135-3146},
note = {Available at 
\url{https://doi.org/10.1109/TITS.2017.2679179}}
}

@article{bangui2021hybrid,
  title={A hybrid data-driven model for intrusion detection in VANET},
  author={Bangui, H and Ge, M and Buhnova, B},
  journal={Procedia Computer Science},
  volume={184},
  pages={516--523},
  year={2021},
  publisher={Elsevier},
note = {Available at 
\url{https://doi.org/10.1016/j.procs.2021.03.065}}
}

@article{karanfilovska2022analysis,
  title={Analysis and modelling of a ML-based NIDS for IoT networks},
  author={Karanfilovska, M and Kochovska, T and Todorov, Z and Cholakoska, A and Jakimovski, G and Efnusheva, D},
  journal={Procedia Computer Science},
  volume={204},
  pages={187--195},
  year={2022},
  publisher={Elsevier},
note = {Available at 
\url{https://doi.org/10.1016/j.procs.2022.08.023}}
}

@article{al2018semi,
  title={Semi-supervised multi-layered clustering model for intrusion detection},
  author={Al-Jarrah, O and Al-Hammdi, Y and Yoo, P and Muhaidat, S and Al-Qutayri, M},
  journal={Digital Communications and Networks},
  volume={4},
  number={4},
  pages={277--286},
  year={2018},
  publisher={Elsevier},
note = {Available at 
\url{https://doi.org/10.1016/j.dcan.2017.09.009}}
}

@article{mohamudally2018building,
  title={Building an anomaly detection engine (ADE) for Iot smart applications},
  author={Mohamudally, N and Peermamode-Mohaboob, M},
  journal={Procedia computer science},
  volume={134},
  pages={10--17},
  year={2018},
  publisher={Elsevier},
note = {Available at 
\url{https://doi.org/10.1016/j.procs.2018.07.138}}
}


@article{AMIN19951,
	author = {S.M. Amin and A. Garc{\'\i}a-Ortiz and J.R. Wootton},
	doi = {https://doi.org/10.1016/0895-7177(95)00126-M},
	issn = {0895-7177},
	journal = {Mathematical and Computer Modelling},
	number = {4},
	pages = {1-10},
	title = {Network, control, communication and computing technologies for intelligent transportation systems overview of the special issue},
	url = {https://www.sciencedirect.com/science/article/pii/089571779500126M},
	volume = {22},
	year = {1995},
	note = {Available at 
\url{https://doi.org/10.1016/0895-7177(95)00126-M}}
}


@article{GARCIAORTIZ199511,
	author = {A. Garc{\'\i}a-Ortiz and S.M. Amin and J.R. Wootton},
	issn = {0895-7177},
	journal = {Mathematical and Computer Modelling},
	number = {4},
	pages = {11-81},
	title = {Intelligent transportation systems---Enabling technologies},
	volume = {22},
	year = {1995},
	note = {Available at 
\url{https://doi.org/10.1016/0895-7177(95)00127-N}}
}

